<?xml version="1.0" encoding="UTF-8"?><record xmlns="http://www.loc.gov/MARC21/slim" xmlns:cinclude="http://apache.org/cocoon/include/1.0" xmlns:zs="http://www.loc.gov/zing/srw/">
  <leader>00883cz  a2200169n  4500</leader>
  <controlfield tag="001">n  88064091 </controlfield>
  <controlfield tag="003">DLC</controlfield>
  <controlfield tag="005">20161001075320.0</controlfield>
  <controlfield tag="008">880513n| azannaabn          |n aaa      </controlfield>
  <datafield tag="010" ind1=" " ind2=" ">
    <subfield code="a">n  88064091 </subfield>
    <subfield code="z">n  87907236 </subfield>
  </datafield>
  <datafield tag="035" ind1=" " ind2=" ">
    <subfield code="a">(OCoLC)oca02274295</subfield>
  </datafield>
  <datafield tag="040" ind1=" " ind2=" ">
    <subfield code="a">DLC</subfield>
    <subfield code="b">eng</subfield>
    <subfield code="e">rda</subfield>
    <subfield code="c">DLC</subfield>
    <subfield code="d">DLC</subfield>
    <subfield code="d">MiBsA</subfield>
    <subfield code="d">P</subfield>
  </datafield>
  <datafield tag="100" ind1="1" ind2=" ">
    <subfield code="a">Pazminﾌバ, Robert W.,</subfield>
    <subfield code="d">1948-</subfield>
  </datafield>
  <datafield tag="374" ind1=" " ind2=" ">
    <subfield code="a">Theological seminary teachers</subfield>
    <subfield code="2">trot</subfield>
  </datafield>
  <datafield tag="670" ind1=" " ind2=" ">
    <subfield code="a">His The seminary in the city, c1988:</subfield>
    <subfield code="b">CIP t.p. (Robert W. Pazminﾌバ) data sheet (b. 6-15-48)</subfield>
  </datafield>
  <datafield tag="670" ind1=" " ind2=" ">
    <subfield code="a">His Foundational issues in Christian education, c1988:</subfield>
    <subfield code="b">t.p. (Robert W. Pazminﾌバ) jkt. (taught at Gordon-Conwell Theological Seminary; assoc. prof., Andover Newton; Ed.D., Columbia)</subfield>
  </datafield>
  <datafield tag="670" ind1=" " ind2=" ">
    <subfield code="a">Doing theological research, c2009:</subfield>
    <subfield code="b">t.p. (Robert W. Pazminﾌバ) p. 4 of cover (Valeria Stone Professor of Christian education at Andover Newton Theological School, Newton Centre, Mass.)</subfield>
  </datafield>
</record>